<record><leader>00000cas a22000007a 4500</leader><controlfield tag="001">22296545</controlfield><controlfield tag="008">900830d18831885couwr ne      0    0eng d</controlfield><datafield ind1=" " ind2=" " tag="010"><subfield code="a">sn 90051601 </subfield></datafield><datafield ind1=" " ind2=" " tag="040"><subfield code="a">CNQ</subfield><subfield code="b">eng</subfield><subfield code="c">CNQ</subfield><subfield code="d">OCLCQ</subfield></datafield><datafield ind1=" " ind2=" " tag="042"><subfield code="a">msc</subfield></datafield><datafield ind1="0" ind2=" " tag="130"><subfield code="a">Express (Fort Collins, Colo : 1883)</subfield></datafield><datafield ind1="1" ind2="4" tag="245"><subfield code="a">The express.</subfield></datafield><datafield ind1=" " ind2=" " tag="260"><subfield code="a">Fort Collins, Larimer County, Colo. :</subfield><subfield code="b">Express Pub. Co.</subfield></datafield><datafield ind1=" " ind2=" " tag="300"><subfield code="a">v.</subfield></datafield><datafield ind1=" " ind2=" " tag="310"><subfield code="a">Weekly</subfield></datafield><datafield ind1="1" ind2=" " tag="362"><subfield code="a">Began in 1883?</subfield></datafield><datafield ind1="0" ind2=" " tag="362"><subfield code="a">-v. 12, no. 611 (June 6, 1885).</subfield></datafield><datafield ind1=" " ind2=" " tag="500"><subfield code="a">Published industrial ed.: Fort Collins express, 1884.</subfield></datafield><datafield ind1=" " ind2=" " tag="530"><subfield code="a">Available on microfilm from the Colorado Historical Society.</subfield></datafield><datafield ind1=" " ind2=" " tag="588"><subfield code="a">Description based on: Industrial edition, 1884.</subfield></datafield><datafield ind1=" " ind2=" " tag="752"><subfield code="a">United States</subfield><subfield code="b">Colorado</subfield><subfield code="c">Larimer</subfield><subfield code="d">Ft. Collins.</subfield></datafield><datafield ind1="0" ind2=" " tag="775"><subfield code="t">Daily express (Fort Collins, Colo)</subfield><subfield code="w">(DLC)sn 85067444</subfield></datafield><datafield ind1="0" ind2="0" tag="780"><subfield code="t">Weekly express (Fort Collins, Colo.)</subfield><subfield code="w">(DLC)sn 91052212</subfield></datafield><datafield ind1="0" ind2="0" tag="785"><subfield code="t">Fort Collins express (Fort Collins, Colo. : 1885 : Weekly)</subfield><subfield code="w">(DLC)sn 90099912</subfield></datafield><datafield ind1="1" ind2=" " tag="029"><subfield code="a">AU@</subfield><subfield code="b">000025852558</subfield></datafield></record>